<?xml version = "1.0" encoding = "UTF-8"?><OAI-PMH xmlns="http://www.openarchives.org/OAI/2.0/" xmlns:xsi="http://www.w3.org/2001/XMLSchema-instance" xsi:schemaLocation="http://www.openarchives.org/OAI/2.0/ http://www.openarchives.org/OAI/2.0/OAI-PMH.xsd"><ListRecords><record><header><identifier>aleph-publish:009178651</identifier></header><metadata><record xmlns="http://www.ddb.de/professionell/mabxml/mabxml-1.xsd"><leader>00335vM2.01200024------u</leader><controlfield tag="LDR">00335vM2.01200024------u</controlfield><controlfield tag="FMT">MU</controlfield><datafield tag="001" ind1="-" ind2="1"><subfield code="a">HT003224718</subfield></datafield><datafield tag="001" ind1="-" ind2="2"><subfield code="a">HT001330454</subfield></datafield><datafield tag="002" ind1="a" ind2="1"><subfield code="a">19890217</subfield></datafield><datafield tag="002" ind1="a" ind2="2"><subfield code="a">19981027</subfield></datafield><datafield tag="003" ind1="-" ind2="1"><subfield code="a">20050330</subfield></datafield><datafield tag="003" ind1="-" ind2="2"><subfield code="a">20050330</subfield></datafield><datafield tag="010" ind1="-" ind2="1"><subfield code="a">HT001330454</subfield></datafield><controlfield tag="030">a|1uc||||||||</controlfield><datafield tag="036" ind1="a" ind2="2"><subfield code="a">DE</subfield></datafield><datafield tag="037" ind1="b" ind2="2"><subfield code="a">ger</subfield></datafield><controlfield tag="050">a|||||||||||||</controlfield><datafield tag="070" ind1="-" ind2="1"><subfield code="a">292</subfield></datafield><datafield tag="070" ind1="-" ind2="2"><subfield code="a">HBZ/Red</subfield></datafield><datafield tag="070" ind1="b" ind2="1"><subfield code="a">468</subfield></datafield><datafield tag="070" ind1="b" ind2="2"><subfield code="a">468</subfield></datafield><datafield tag="080" ind1="-" ind2="1"><subfield code="a">60</subfield></datafield><datafield tag="080" ind1="-" ind2="2"><subfield code="a">60</subfield></datafield><controlfield tag="089">2</controlfield><datafield tag="090" ind1="-" ind2="1"><subfield code="a">2</subfield></datafield><datafield tag="100" ind1="-" ind2="2"><subfield code="p">Koch, Klaus</subfield><subfield code="9">(DE-588)105014508</subfield></datafield><datafield tag="101" ind1="-" ind2="2"><subfield code="p">Koch, Klaus Christian</subfield></datafield><datafield tag="331" ind1="-" ind2="1"><subfield code="a">Babylonisch-persische Zeit</subfield></datafield><datafield tag="331" ind1="-" ind2="2"><subfield code="a">&lt;&lt;Die&gt;&gt; Profeten</subfield></datafield><datafield tag="359" ind1="-" ind2="2"><subfield code="a">Klaus Koch</subfield></datafield><datafield tag="403" ind1="-" ind2="1"><subfield code="a">2., durchges. Aufl.</subfield></datafield><datafield tag="410" ind1="-" ind2="2"><subfield code="a">Stuttgart [u. a.]</subfield></datafield><datafield tag="412" ind1="-" ind2="2"><subfield code="a">Kohlhammer</subfield></datafield><datafield tag="425" ind1="b" ind2="2"><subfield code="a">1978</subfield></datafield><datafield tag="425" ind1="a" ind2="1"><subfield code="a">1988</subfield></datafield><datafield tag="433" ind1="-" ind2="1"><subfield code="a">216 S.</subfield></datafield><datafield tag="451" ind1="-" ind2="1"><subfield code="a">Urban-Taschenbücher ; 281</subfield></datafield><datafield tag="451" ind1="-" ind2="2"><subfield code="a">Urban-Taschenbücher ; ...</subfield></datafield><datafield tag="453" ind1="-" ind2="1"><subfield code="a">HT002093334</subfield></datafield><datafield tag="455" ind1="-" ind2="1"><subfield code="a">281</subfield></datafield><datafield tag="456" ind1="-" ind2="1"><subfield code="a">281</subfield></datafield><datafield tag="523" ind1="-" ind2="2"><subfield code="p">Erschienen</subfield><subfield code="a">Bd. 1 - 2</subfield></datafield><datafield tag="540" ind1="a" ind2="1"><subfield code="a">3-17-010025-4</subfield><subfield code="b">kart. : DM 22.00</subfield></datafield><datafield tag="540" ind1="a" ind2="2"><subfield code="a">3-17-004869-4</subfield></datafield><datafield tag="540" ind1="a" ind2="2"><subfield code="a">3-17-010426-8</subfield></datafield><datafield tag="670" ind1="-" ind2="2"><subfield code="a">&lt;&lt;Die&gt;&gt; Propheten</subfield></datafield><datafield tag="902" ind1="-" ind2="2"><subfield code="t">Bibel</subfield><subfield code="u">Altes Testament</subfield><subfield code="u">Prophetische Bücher</subfield><subfield code="9">(DE-588)4068610-3</subfield></datafield><controlfield tag="SYS">009178651</controlfield><datafield tag="LOW" ind1="-" ind2="1"><subfield code="a">K0001</subfield></datafield><datafield tag="LOW" ind1="-" ind2="1"><subfield code="a">C0001</subfield></datafield><datafield tag="LOW" ind1="-" ind2="1"><subfield code="a">M1006</subfield></datafield><datafield tag="LOW" ind1="-" ind2="1"><subfield code="a">M0001</subfield></datafield><datafield tag="LOW" ind1="-" ind2="1"><subfield code="a">B4009</subfield></datafield><datafield tag="HID" ind1="-" ind2="2"><subfield code="s">DTL2ALEPH</subfield><subfield code="c">20121202</subfield><subfield code="l">HBZ01</subfield><subfield code="h">1328</subfield></datafield><datafield tag="952" ind1="-" ind2="2"><subfield code="t">Altes Testament</subfield><subfield code="u">Prophetische Bücher</subfield></datafield><datafield tag="952" ind1="-" ind2="2"><subfield code="t">Altes Testament</subfield><subfield code="u">Schriftpropheten</subfield></datafield><datafield tag="952" ind1="-" ind2="2"><subfield code="t">Altes Testament</subfield><subfield code="x">Spätere Propheten</subfield></datafield><datafield tag="952" ind1="-" ind2="2"><subfield code="t">Altes Testament</subfield><subfield code="x">Hintere Propheten</subfield></datafield><datafield tag="952" ind1="-" ind2="2"><subfield code="t">Altes Testament</subfield><subfield code="x">Prophetae posteriores</subfield></datafield><datafield tag="952" ind1="-" ind2="2"><subfield code="t">Altes Testament</subfield><subfield code="x">Něvîʾîm aḥarônîm</subfield></datafield><datafield tag="952" ind1="-" ind2="2"><subfield code="t">Prophetae</subfield><subfield code="h">Bücher der Bibel</subfield></datafield><datafield tag="952" ind1="-" ind2="2"><subfield code="t">Propheten</subfield><subfield code="h">Bücher der Bibel</subfield></datafield><datafield tag="952" ind1="-" ind2="2"><subfield code="t">Altes Testament</subfield><subfield code="u">Vordere Propheten</subfield></datafield><datafield tag="952" ind1="-" ind2="2"><subfield code="t">Altes Testament</subfield><subfield code="u">Frühere Propheten</subfield></datafield><datafield tag="952" ind1="-" ind2="2"><subfield code="t">Altes Testament</subfield><subfield code="x">Prophetae priores</subfield></datafield><datafield tag="952" ind1="-" ind2="2"><subfield code="t">Altes Testament</subfield><subfield code="x">Něvîʾîm rîšônîm</subfield></datafield><datafield tag="952" ind1="-" ind2="2"><subfield code="t">Vordere Propheten</subfield><subfield code="h">Bücher der Bibel</subfield></datafield><datafield tag="952" ind1="-" ind2="2"><subfield code="t">DtrG</subfield></datafield><datafield tag="088" ind1=" " ind2=" "><subfield code="a">361</subfield><subfield code="b">00000027</subfield><subfield code="c">AX330 K76[2(2)</subfield><subfield code="e">ILL Kopie+Ausl.</subfield></datafield><datafield tag="088" ind1=" " ind2=" "><subfield code="a">6</subfield><subfield code="b">00000040</subfield><subfield code="c">3D 35585-2</subfield><subfield code="e">ILL Ausleihe</subfield></datafield><datafield tag="088" ind1=" " ind2=" "><subfield code="a">6/006</subfield><subfield code="b">00033001</subfield><subfield code="c">AT Th IV 3529-2-</subfield><subfield code="e">keine ILL</subfield></datafield><datafield tag="088" ind1=" " ind2=" "><subfield code="a">294/21</subfield><subfield code="b">00021000</subfield><subfield code="c">AT IV La 24/2(2)</subfield><subfield code="e">keine ILL</subfield></datafield><datafield tag="088" ind1=" " ind2=" "><subfield code="a">Lan 1</subfield><subfield code="b">FRHLD</subfield><subfield code="c">teo-e 3-143/2b</subfield><subfield code="e">Semesterapp.</subfield></datafield><datafield tag="088" ind1=" " ind2=" "><subfield code="a">385</subfield><subfield code="b">80</subfield><subfield code="c">CX/y2655-2</subfield><subfield code="e">Kurzausleihe</subfield></datafield><datafield tag="088" ind1=" " ind2=" "><subfield code="a">465</subfield><subfield code="b">E11</subfield><subfield code="c">INE70(2)-2</subfield><subfield code="e">Ausleihbestand</subfield></datafield><datafield tag="088" ind1=" " ind2=" "><subfield code="a">468</subfield><subfield code="b">21</subfield><subfield code="c">INE2204(2)-2+1</subfield><subfield code="e">ausleihbar</subfield></datafield><datafield tag="088" ind1=" " ind2=" "><subfield code="a">467</subfield><subfield code="b">H21-5</subfield><subfield code="c">21INE3763(2)-2</subfield><subfield code="e">Ausleihbar</subfield></datafield><datafield tag="088" ind1=" " ind2=" "><subfield code="a">466</subfield><subfield code="b">11</subfield><subfield code="c">INE1622(2)-2</subfield><subfield code="e">Normalausleihe</subfield></datafield><datafield tag="088" ind1=" " ind2=" "><subfield code="a">468</subfield><subfield code="b">20</subfield><subfield code="c">INE2204(2)-2</subfield><subfield code="e">Präsenzbestand</subfield></datafield><datafield tag="088" ind1=" " ind2=" "><subfield code="a">38</subfield></datafield></record></metadata></record></ListRecords></OAI-PMH>